/home/abrantesasf/repositoriosGit/BibTeX/biblioteca.bib